@online{Gray,
  title={Abel Prize},
  author={Jeremy John Gray},
  url = {https://www.britannica.com/science/Abel-Prize},
  urldate={2024-04-12},
  date={2024-03-30},
}
@online{Chang,
  author={Kenneth Chang},
  title={Abel Prize Goes to Mathematician Who Studied Equations That Describe Nature},
  url = {https://www.nytimes.com/2023/03/22/science/abel-prize-math-luis-caffarelli.html},
  urldate={2024-04-12},
  date={2022-03-22},
}
@online{Wiki,
  author={Wikipedia},
  title={Luis Caffarelli},
  url = {https://en.wikipedia.org/wiki/Luis_Caffarelli},
  urldate={2024-04-12},
  date={2024-03-16},
}

@article{de2015optimal,
  title={Optimal regularity of the convex envelope},
  author={De Philippis, Guido and Figalli, Alessio},
  journal={Transactions of the American Mathematical Society},
  volume={367},
  number={6},
  pages={4407--4422},
  year={2015},
  url = {https://www.ams.org/journals/tran/2015-367-06/S0002-9947-2014-06306-X/S0002-9947-2014-06306-X.pdf}
}

@article{rioux2019survey,
  title={A survey of the Monge-Ampère equation with applications to optimal transportation},
  author={Rioux, Gabriel},
  year={2019},
  url = {https://www.math.mcgill.ca/gantumur/math581w19/Gabriel_Rioux_Math_581_Final.pdf}
}

@article{figalli2018mongeampere,
      title={On the Monge-Ampère equation}, 
      author={Alessio Figalli},
      year={2018},
      url = {https://arxiv.org/pdf/1805.05028.pdf}
}

@article{dephilippis2013mongeampere,
      title={The Monge-Ampère equation and its link to optimal transportation}, 
      author={Guido De Philippis and Alessio Figalli},
      year={2013},
      url = {https://arxiv.org/pdf/1310.6167.pdf}
}

@article{ShahgholianHenrik2007Popa,
author = {Shahgholian, Henrik and Petrosyan, Arshak},
issn = {1098-3627},
journal = {Contemporary mathematics - American Mathematical Society},
language = {eng},
pages = {117-},
title = {Parabolic obstacle problems applied to finance},
volume = {439},
year = {2007},
}


@article{CaffarelliLuisA.2010Fbio,
author = {Caffarelli, Luis A. and McCann, Robert J.},
address = {PRINCETON},
copyright = {Copyright © 2010 Princeton University (Mathematics Department)},
issn = {0003-486X},
journal = {Annals of mathematics},
language = {eng},
number = {2},
pages = {673-730},
publisher = {Dept. of Mathematics, Princeton University},
title = {Free boundaries in optimal transport and Monge-Ampère obstacle problems},
volume = {171},
year = {2010},
}

@article{Freeboundary,
    author = {Arne B. Sletsjøe},
    title = {Free Boundary Problems},
    journal = {Luis Caffarelli Abel Prize Laureate 2023},
}

@online{abel2023,
  author       = {The Abel Prize},
  title        = {The Abel Prize Laureates 2023},
  year         = 2023,
  url          = {https://abelprize.no/abel-prize-laureates/2023},
  urldate      = {2024-04-24},
  note         = {Accessed: 2024-04-24}
}
@article{freeboundaryimage,
author = {Bacani, Jerico and Rabago, Julius Fergy},
year = {2015},
month = {12},
pages = {},
title = {On the Second-Order Shape Derivative of the Kohn-Vogelius Objective Functional Using the Velocity Method},
volume = {2015},
journal = {International Journal of Differential Equations},
doi = {10.1155/2015/954836}
}
@incollection{stefanproblemimage,
title = {Stefan Problems},
editor = {Robert A. Meyers},
booktitle = {Encyclopedia of Physical Science and Technology (Third Edition)},
publisher = {Academic Press},
edition = {Third Edition},
address = {New York},
pages = {9-14},
year = {2003},
isbn = {978-0-12-227410-7},
doi = {https://doi.org/10.1016/B0-12-227410-5/00734-1},
url = {https://www.sciencedirect.com/science/article/pii/B0122274105007341},
author = {A.D. Solomon}
}

@online{Caffarelli.SCIAME,
  author={Manon Bischoff},
  title={Top Math Prize Awarded for Describing the Dynamics of the Flow of Rivers and the Melting of Ice},
  url = {https://www.scientificamerican.com/article/top-math-prize-awarded-for-describing-the-dynamics-of-the-flow-of-rivers-and-the-melting-of-ice/},
  urldate={2024-04-12},
  date={2023-03-23}
}

@online{Caffarelli.UTexas,
  author={ODEN Institute},
  title={Caffarelli explains role in understanding Navier-Stokes Equations},
  url = {https://oden.utexas.edu/news-and-events/news/caffarelli-explains-role-in-understanding-navier-stokes-equations/},
  urldate={2024-04-12},
  date={2015-02-02}
}

@article{part.regularity.NSE,
author = {Cheng He},
journal = {Journal of Functional Analysis (2004)},
language = {eng},
number = {211},
pages = {153–162},
publisher = {Elsevier - Publisher Connector},
title = {On partial regularity for weak solutions to
the Navier–Stokes equations},
year = {2004},
}

@article{pde.weak,
    author = {T. J. Sullivan},
    title = {A brief introduction to weak formulations of PDEs and the finite element method},
    date = {2020-06-29}
}

@article{NSE,
    title = {The Navier-Stokes Equations} ,
    url = {https://www.wias-berlin.de/people/john/LEHRE/NUM_CFD/num_cfd_1.pdf},
    urldate = {2024-04-23}
}